@online{ai-wikipedia,
  author={Wikipedia},
  title={Künstliche Intelligenz},
  url={https://de.wikipedia.org/wiki/K%C3%BCnstliche_Intelligenz},
  urldate={2023-04-20},
  year={2023}
}

@book{example,
  title={The Title of the Book},
  author={The Author},
  publisher={The Publisher},
  year={2017},
}

@online{Ethik-PureStorage,
  author={PureStorage},
  title={Künstliche Intelligenz},
  url={https://www.purestorage.com/de/knowledge/what-is-data-ethics.html#:~:text=Bei%20der%20Datenethik%20geht%20es,Weise%20erfassen%2C%20speichern%20und%20nutzen%3F},
  urldate={2024-04-20},
  year={2024}
}
